
@misc{CR3BP_notebook,
	title = {Circular {Restricted} {Three}-{Body} {Problem} â€” {Orbital} {Mechanics} \& {Astrodynamics}},
	url = {https://orbital-mechanics.space/the-n-body-problem/circular-restricted-three-body-problem.html},
}

@misc{jpl_three_body,
	title = {Three-{Body} {Periodic} {Orbits}},
	url = {https://ssd.jpl.nasa.gov/tools/periodic_orbits.html},
	journal = {Jet Propulsion Laboratory},
}

@book{vallado,
	edition = {Fourth Edition},
	title = {Fundamentals of {Astrodynamics} and {Applications}},
	publisher = {Springer},
	author = {Vallado, David},
	year = {2013},
}